<?xml version="1.0" encoding="UTF-8"?><collection xmlns="http://www.loc.gov/MARC21/slim"><record><leader>00454nam--2200157-i-4500</leader><controlfield tag="001">000015271</controlfield><controlfield tag="002">20161230</controlfield><controlfield tag="005">20170115222856</controlfield><controlfield tag="008">060222s1000------------r-----000-0-eng-d</controlfield><datafield ind1=" " ind2=" " tag="080"><subfield code="a">621.391.63(043)</subfield></datafield><datafield ind1=" " ind2=" " tag="100"><subfield code="a">Biet, Michel</subfield></datafield><datafield ind1=" " ind2=" " tag="245"><subfield code="a">Mesures de fibres optique multimodes ei monomo des par la methode de retrodiffusion</subfield><subfield code="b">these</subfield></datafield><datafield ind1=" " ind2=" " tag="260"><subfield code="a">Orsay</subfield><subfield code="b">L Universite De Paris-sud</subfield><subfield code="c">1983</subfield></datafield><datafield ind1=" " ind2=" " tag="300"><subfield code="a">121 p</subfield></datafield><datafield ind1=" " ind2=" " tag="852"><subfield code="a">71795</subfield></datafield><datafield ind1=" " ind2=" " tag="CAT"><subfield code="a">SYS</subfield><subfield code="c">20170115</subfield><subfield code="h">222856</subfield></datafield></record></collection>